<?xml version="1.0" encoding="UTF-8"?><collection xmlns="http://www.loc.gov/MARC21/slim"><record><leader>00403nam--2200133-i-4500</leader><controlfield tag="001">000014454</controlfield><controlfield tag="002">20161230</controlfield><controlfield tag="005">20161230201030</controlfield><controlfield tag="008">060222s1000------------r-----000-0-eng-d</controlfield><datafield ind1=" " ind2=" " tag="080"><subfield code="a">519.85(043)</subfield></datafield><datafield ind1=" " ind2=" " tag="100"><subfield code="a">Bouslous, Hammadi</subfield></datafield><datafield ind1=" " ind2=" " tag="245"><subfield code="a">Sur les multiplicateurs en programmation  non differentiable et leur interpretation marginal e. these</subfield></datafield><datafield ind1=" " ind2=" " tag="260"><subfield code="a">Paris, Universite De Pau, 1982 76 P</subfield></datafield><datafield ind1=" " ind2=" " tag="852"><subfield code="a">71115</subfield></datafield></record></collection>